<?xml version="1.0" encoding="UTF-8"?><record xmlns="http://www.loc.gov/MARC21/slim" xmlns:cinclude="http://apache.org/cocoon/include/1.0" xmlns:zs="http://www.loc.gov/zing/srw/">
  <leader>00350nz  a2200121n  4500</leader>
  <controlfield tag="001">n  92078787 </controlfield>
  <controlfield tag="003">DLC</controlfield>
  <controlfield tag="005">19920805140022.7</controlfield>
  <controlfield tag="008">920805n| acannaab|          |n aaa |||  </controlfield>
  <datafield tag="010" ind1=" " ind2=" ">
    <subfield code="a">n  92078787 </subfield>
  </datafield>
  <datafield tag="040" ind1=" " ind2=" ">
    <subfield code="a">DLC</subfield>
    <subfield code="c">DLC</subfield>
  </datafield>
  <datafield tag="100" ind1="1" ind2="0">
    <subfield code="a">Messing, James Arthur</subfield>
  </datafield>
  <datafield tag="670" ind1=" " ind2=" ">
    <subfield code="a">Shultz, B.M. A history of the Messing family in America, c1990:</subfield>
    <subfield code="b">t.p. (James Arthur Messing)</subfield>
  </datafield>
</record>